@misc{nade,
      title={Neural Autoregressive Distribution Estimation}, 
      author={Benigno Uria and Marc-Alexandre Côté and Karol Gregor and Iain Murray and Hugo Larochelle},
      year={2016},
      eprint={1605.02226},
      archivePrefix={arXiv},
      primaryClass={cs.LG}
}